@article{littman2002,
  title={A probabilistic approach to solving crossword puzzles},
  author={Littman, M.L. and Keim, G.A. and Shazeer, N.},
  journal={Artificial Intelligence},
  volume={134},
  number={1},
  pages={23--55},
  year={2002},
  publisher={Elsevier}
}

@article{gori2006,
  title={Cracking crosswords: the computer challenge},
  author={Gori, M. and Ernandes, M. and Angelini, G.},
  journal={Reasoning, Action and Interaction in AI Theories and Systems},
  pages={265--286},
  year={2006},
  publisher={Springer}
}

@article{ginsberg2011,
  title={DR. FILL: crosswords and an implemented solver for singly weighted CSPs},
  author={Ginsberg, M.L.},
  journal={Journal of Artificial Intelligence Research},
  volume={42},
  number={1},
  pages={851--886},
  year={2011},
  publisher={AI Access Foundation}
}
